@misc{PDP:Sujet,
    author = {Xavier de Rochefort},
    title = {Aide à la compilation de noyaux Linux},
    howpublished = {\href{http://www.labri.fr/perso/xderoche/pdp/sujet2.pdf}{<URL:http://www.labri.fr/perso/xderoche/pdp/sujet2.pdf>} consulté le 01/14}
}

@misc{Waterloo:Etude,
    author = {Kacper Bak, Karim Ali},
    title = {Improving Usability of the Linux Kernel Configuration Tools},
    year = {2010},
    howpublished = {\href{http://gsd.uwaterloo.ca/node/294}{<URL:http://gsd.uwaterloo.ca/node/294>} consulté le 01/14}
}

@misc{Waterloo:Github,
    author = {Kacper Bak, Karim Ali},
    title = {Github of Linux Kernel Configuration Project},
    year = {2010},
    howpublished = {\href{https://github.com/kbak/lkc}{<URL:https://github.com/kbak/lkc>} consulté le 01/14}
}

@inproceedings{Hubaux:2012:USC:2110147.2110164,
    author = {Hubaux, Arnaud and Xiong, Yingfei and Czarnecki, Krzysztof},
    title = {A User Survey of Configuration Challenges in Linux and eCos},
    booktitle = {Proceedings of the Sixth International Workshop on Variability Modeling of Software-Intensive Systems},
    series = {VaMoS '12},
    year = {2012},
    isbn = {978-1-4503-1058-1},
    location = {Leipzig, Germany},
    pages = {149--155},
    numpages = {7},
    url = {http://doi.acm.org/10.1145/2110147.2110164},
    doi = {10.1145/2110147.2110164},
    acmid = {2110164},
    publisher = {ACM},
    address = {New York, NY, USA},
}

@misc{Kernel,
    author = {Linux Kernel Organization, Inc},
    title = {The Linux Kernel Archives},
    howpublished = {\href{http://www.kernel.org}{<URL:http://www.kernel.org>} consulté le 01/14}
}

@misc{Existant:Kernel:ForumTutoConfig,
    author = {DevynCJohnson},
    title = {The Linux Kernel},
    howpublished = {\href{http://www.linux.org/threads/the-linux-kernel-introduction.4203/}{<URL:http://www.linux.org/threads/the-linux-kernel-introduction.4203/>} consulté le 01/14}
}

@misc{Existant:Kernel:outils,
    author = {BodhiZazen},
    title = {Compile Kernel},
    howpublished = {\href{http://bodhizazen.net/Tutorials/kernel\#Configure}{<URL:http://bodhizazen.net/Tutorials/kernel\#Configure>} consulté le 01/14}
}

@misc{Existant:EcosConfig,
    author = {Ecos sourceware},
    title = {Configuration Tool on Windows and Linux Quick Start},
    howpublished = {\href{http://ecos.sourceware.org/docs-latest/user-guide/using-configtool-windows-linux.html}{<URL:http://ecos.sourceware.org/docs-latest/user-guide/using-configtool-windows-linux.html>} consulté le 01/14}
}

@misc{Existant:Kconfig:modules,
    author = {Linux Kernel Organization, Inc},
    title = {Building External Modules},
    howpublished = {\href{https://www.kernel.org/doc/Documentation/kbuild/modules.txt}{<URL:https://www.kernel.org/doc/\\Documentation/kbuild/modules.txt>} consulté le 01/14}
}

@misc{Existant:Kconfig:frontends,
    author = {Yann Morin},
    title = {projects:kconfig-frontends},
    howpublished = {\href{http://ymorin.is-a-geek.org/projects/kconfig-frontends}{<URL:http://ymorin.is-a-geek.org/projects/kconfig-frontends>} consulté le 01/14}
}

@misc{Existant:Kconfig:vueDensemble,
    author = {Hai Shalom},
    title = {Working with Kconfig},
    howpublished = {\href{http://www.rt-embedded.com/blog/archives/working-with-kconfig/}{<URL:http://www.rt-embedded.com/blog/archives/working-with-kconfig/>} consulté le 01/14}
}

@misc{Existant:Kconfig:langage,
    author = {Michael Elizabeth Chastain},
    title = {Config Language Specification},
    howpublished = {\href{https://code.google.com/p/menuconfig/source/browse/trunk/config-language.txt}{<URL:https://code.google.com/p/menuconfig/\\source/browse/trunk/config-language.txt>} consulté le 01/14}
}

@misc{Existant:lib:kconfiglib,
    author = {Ulf Magnusson},
    title = {Kconfiglib python library},
    howpublished = {\href{https://github.com/ulfalizer/Kconfiglib}{<URL:https://github.com/ulfalizer/Kconfiglib>} consulté le 01/14}
}

@misc{Existant:lib:autoKernConf,
    author = {Giacomo Catenazzi},
    title = {Automagical Kernel Configuration},
    howpublished = {\href{http://cateee.net/autokernconf/}{<URL:http://cateee.net/autokernconf/>} consulté le 01/14}
}
@misc{Existant:lib:lkddb,
    author = {Giacomo Catenazzi},
    title = {LKDDb: Linux Kernel Driver Database},
    howpublished = {\href{http://cateee.net/lkddb}{<URL:http://cateee.net/lkddb>} consulté le 01/14}
}
